<record><leader>00000cas a2200000 a 4500</leader><controlfield tag="001">17557852</controlfield><controlfield tag="008">880229d19552001iluwr ne      0    0eng c</controlfield><datafield ind1=" " ind2=" " tag="010"><subfield code="a">sn 88086082 </subfield></datafield><datafield ind1=" " ind2=" " tag="040"><subfield code="a">NPV</subfield><subfield code="b">eng</subfield><subfield code="c">NPV</subfield><subfield code="d">NVF</subfield><subfield code="d">OCLCQ</subfield><subfield code="d">NVF</subfield><subfield code="d">OCLCQ</subfield><subfield code="d">OCLCF</subfield><subfield code="d">OCLCO</subfield></datafield><datafield ind1="1" ind2=" " tag="029"><subfield code="a">AU@</subfield><subfield code="b">000025822209</subfield></datafield><datafield ind1=" " ind2=" " tag="042"><subfield code="a">pcc</subfield></datafield><datafield ind1=" " ind2=" " tag="043"><subfield code="a">n-us-il</subfield></datafield><datafield ind1="0" ind2="0" tag="245"><subfield code="a">Sheffield bulletin.</subfield></datafield><datafield ind1=" " ind2=" " tag="260"><subfield code="a">Sheffield, Ill. :</subfield><subfield code="b">Brad Johnson,</subfield><subfield code="c">1955-2001.</subfield></datafield><datafield ind1=" " ind2=" " tag="300"><subfield code="a">v.</subfield></datafield><datafield ind1=" " ind2=" " tag="310"><subfield code="a">Weekly</subfield></datafield><datafield ind1="0" ind2=" " tag="362"><subfield code="a">-Apr. 5, 2001.</subfield></datafield><datafield ind1="1" ind2=" " tag="362"><subfield code="a">Began in 1955.</subfield></datafield><datafield ind1=" " ind2=" " tag="588"><subfield code="a">Description based on: Feb. 15, 1956.</subfield></datafield><datafield ind1=" " ind2="0" tag="651"><subfield code="a">Sheffield (Ill.)</subfield><subfield code="v">Newspapers.</subfield></datafield><datafield ind1=" " ind2="7" tag="655"><subfield code="a">Newspapers.</subfield><subfield code="2">fast</subfield><subfield code="0">(OCoLC)fst01423814</subfield></datafield><datafield ind1=" " ind2="7" tag="651"><subfield code="a">Illinois</subfield><subfield code="z">Sheffield.</subfield><subfield code="2">fast</subfield><subfield code="0">(OCoLC)fst01228545</subfield></datafield><datafield ind1=" " ind2=" " tag="752"><subfield code="a">United States</subfield><subfield code="b">Illinois</subfield><subfield code="c">Bureau</subfield><subfield code="d">Sheffield.</subfield></datafield><datafield ind1="0" ind2="0" tag="785"><subfield code="t">News bulletin (Sheffield, Ill.)</subfield><subfield code="w">(DLC)  2009271125</subfield><subfield code="w">(OCoLC)488697854</subfield></datafield></record>